@Manual{rcore,
    title = {R: A Language and Environment for Statistical Computing},
    author = {{R Core Team}},
    organization = {R Foundation for Statistical Computing},
    address = {Vienna, Austria},
    year = {2018},
    url = {https://www.R-project.org/},
  }

@Manual{rmarkdown,
    title = {rmarkdown: Dynamic Documents for R},
    author = {JJ Allaire and Yihui Xie and Jonathan McPherson and Javier Luraschi and Kevin Ushey and Aron Atkins and Hadley Wickham and Joe Cheng and Winston Chang},
    year = {2018},
    note = {R package version 1.10},
    url = {https://CRAN.R-project.org/package=rmarkdown},
  }
  
@Manual{shiny,
    title = {shiny: Web Application Framework for R},
    author = {Winston Chang and Joe Cheng and JJ Allaire and Yihui Xie and Jonathan McPherson},
    year = {2018},
    note = {R package version 1.1.0},
    url = {https://CRAN.R-project.org/package=shiny},
  }
  
@Manual{shinydashboard,
    title = {shinydashboard: Create Dashboards with 'Shiny'},
    author = {Winston Chang and Barbara {Borges Ribeiro}},
    year = {2018},
    note = {R package version 0.7.0},
    url = {https://CRAN.R-project.org/package=shinydashboard},
  }
  
@Manual{rstudio,
    title = {RStudio: Integrated Development Environment for R},
    author = {{RStudio Team}},
    organization = {RStudio, Inc.},
    address = {Boston, MA},
    year = {2015},
    url = {http://www.rstudio.com/}, 
  }

@Manual{htmlwidgets,
    title = {htmlwidgets: HTML Widgets for R},
    author = {Ramnath Vaidyanathan and Yihui Xie and JJ Allaire and Joe Cheng and Kenton Russell},
    year = {2018},
    note = {R package version 1.3},
    url = {https://CRAN.R-project.org/package=htmlwidgets},
  }
  
@Manual{shinythemes,
    title = {shinythemes: Themes for Shiny},
    author = {Winston Chang},
    year = {2016},
    note = {R package version 1.1.1},
    url = {https://CRAN.R-project.org/package=shinythemes},
  }
  
@Manual{dygraphs,
    title = {dygraphs: Interface to 'Dygraphs' Interactive Time Series Charting Library},
    author = {Dan Vanderkam and JJ Allaire and Jonathan Owen and Daniel Gromer and Benoit Thieurmel},
    year = {2018},
    note = {R package version 1.1.1.6},
    url = {https://CRAN.R-project.org/package=dygraphs},
  }
  
@Manual{dt,
    title = {DT: A Wrapper of the JavaScript Library 'DataTables'},
    author = {Yihui Xie},
    year = {2018},
    note = {R package version 0.4},
    url = {https://CRAN.R-project.org/package=DT},
  }

@Manual{leaflet,
    title = {leaflet: Create Interactive Web Maps with the JavaScript 'Leaflet'
Library},
    author = {Joe Cheng and Bhaskar Karambelkar and Yihui Xie},
    year = {2018},
    note = {R package version 2.0.2},
    url = {https://CRAN.R-project.org/package=leaflet},
  }
  
@Manual{vinetwork,
    title = {visNetwork: Network Visualization using 'vis.js' Library},
    author = {{Almende B.V.} and Benoit Thieurmel and Titouan Robert},
    year = {2018},
    note = {R package version 2.0.4},
    url = {https://CRAN.R-project.org/package=visNetwork},
  }
  
@Manual{ramcharts,
    title = {rAmCharts: JavaScript Charts Tool},
    author = {Benoit Thieurmel and Antanas { Marcelionis} and Jeffery Petit and Elena Salette and Titouan Robert},
    year = {2018},
    note = {R package version 2.1.8},
    url = {https://CRAN.R-project.org/package=rAmCharts},
  }
  
@Manual{d3heatmap,
    title = {d3heatmap: Interactive Heat Maps Using 'htmlwidgets' and 'D3.js'},
    author = {Joe Cheng and Tal Galili},
    year = {2018},
    note = {R package version 0.6.1.2},
    url = {https://CRAN.R-project.org/package=d3heatmap},
  }
  
@Manual{threejs,
    title = {threejs: Interactive 3D Scatter Plots, Networks and Globes},
    author = {B. W. Lewis},
    year = {2017},
    note = {R package version 0.3.1},
    url = {https://CRAN.R-project.org/package=threejs},
  }
  
@Manual{packrat,
    title = {packrat: A Dependency Management System for Projects and their R Package
Dependencies},
    author = {Kevin Ushey and Jonathan McPherson and Joe Cheng and Aron Atkins and JJ Allaire},
    year = {2018},
    note = {R package version 0.4.9-3},
    url = {https://CRAN.R-project.org/package=packrat},
  }
  
@Article{testthat,
    author = {Hadley Wickham},
    title = {testthat: Get Started with Testing},
    journal = {The R Journal},
    year = {2011},
    volume = {3},
    pages = {5--10},
    url = {https://journal.r-project.org/archive/2011-1/RJournal_2011-1_Wickham.pdf},
  }
